@article{lewis1988,
  title={Principles of naval architecture second revision},
  author={Lewis, Edward V},
  journal={Jersey: Sname},
  volume={2},
  year={1988}
}

@article{kostenko2019_1,
  title={ОСОБЕННОСТИ МОДЕЛИРОВАНИЯ ПРОСТРАНСТВЕННОГО ДВИЖЕНИЯ МНОГОФУНКЦИОНАЛЬНОГО АНПА С ИЗБЫТОЧНЫМ ДВИЖИТЕЛЬНО-РУЛЕВЫМ КОМПЛЕКСОМ},
  author={Костенко, ВВ and Медведев, АВ and Мокеева, ИГ and Толстоногов, АЮ},
  journal={Технические проблемы освоения Мирового океана},
  number={8},
  pages={74--79},
  year={2019},
  publisher={Федеральное государственное бюджетное учреждение науки Институт проблем~…}
}

@article{kostenko2019_2,
  title={РАЗРАБОТКА И ИССЛЕДОВАНИЕ МАТЕМАТИЧЕСКОЙ МОДЕЛИ МАРШЕВОГО ДВИЖИТЕЛЯ НЕОБИТАЕМОГО ПОДВОДНОГО АППАРАТА},
  author={Костенко, ВВ and Михайлов, ДН and Стороженко, ВА and Толстоногов, АЮ},
  journal={Технические проблемы освоения Мирового океана},
  number={8},
  pages={352--358},
  year={2019},
  publisher={Федеральное государственное бюджетное учреждение науки Институт проблем~…}
}

@article{lukoyanov2019,
  title={ПОИСК ОТКАЗОВ В СИСТЕМАХ ПОДВОДНОГО АППАРАТА С ИСПОЛЬЗОВАНИЕМ ДИНАМИЧЕСКИХ МОДЕЛЕЙ},
  author={Лукоянов, ЕВ},
  journal={Технические проблемы освоения Мирового океана},
  number={8},
  pages={311--316},
  year={2019},
  publisher={Федеральное государственное бюджетное учреждение науки Институт проблем~…}
}

@article{filaretov2019,
  title={МЕТОД СИНТЕЗА ДИАГНОСТИЧЕСКИХ НАБЛЮДАТЕЛЕЙ ДЛЯ ДВИЖИТЕЛЕЙ АВТОНОМНЫХ НЕОБИТАЕМЫХ ПОДВОДНЫХ АППАРАТОВ},
  author={Филаретов, ВФ and Зуев, АВ and Жирабок, АН and Костенко, ВВ},
  journal={Технические проблемы освоения Мирового океана},
  number={8},
  pages={373--376},
  year={2019},
  publisher={Федеральное государственное бюджетное учреждение науки Институт проблем~…}
}

@article{siek2019,
  title={Многомодельное оценивание вектора состояния автономного необитаемого подводного аппарата},
  author={Сиек, ЮЛ and Борисов, АН},
  journal={Технические проблемы освоения Мирового океана},
  number={8},
  pages={334--339},
  year={2019},
  publisher={Федеральное государственное бюджетное учреждение науки Институт проблем~…}
}

@article{antonenko2018,
  title={ИССЛЕДОВАНИЕ ДИНАМИКИ ДВИЖИТЕЛЕЙ ПОДВОДНОГО АППАРАТА},
  author={Антоненко, СИ and Макарычев, ВП},
  journal={Робототехника и техническая кибернетика},
  number={1},
  pages={61--68},
  year={2018},
  publisher={федеральное государственное автономное научное учреждение Центральный научно~…}
}

@inproceedings{platonov2017,
  title={Стенд для исследования системы управления группой электродвигателей в качестве движителей автономного подводного робота},
  author={Платонов, ВН},
  booktitle={XXII Региональная конференция молодых ученых Волгоградской области},
  pages={62--64},
  year={2017}
}

@article{zaharov2019,
  title={ОПРЕДЕЛЕНИЕ СПЕКТРАЛЬНОГО СОСТАВА ПОДВОДНОГО ШУМА ДВИЖИТЕЛЯ НЕОБИТАЕМОГО ПОДВОДНОГО АППАРАТА},
  author={Захаров, АН and Белобловский, ВН and Полищук, СВ},
  journal={Подводные исследования и робототехника},
  number={4},
  pages={64--70},
  year={2019},
  publisher={Федеральное государственное бюджетное учреждение науки Институт проблем~…}
}

@article{gornak2007,
  title={Оптимизация характеристик движителей подводного аппарата},
  author={Горнак, ВЕ and Костенко, ВВ and Кушнерик, АА},
  journal={Технические проблемы освоения Мирового океана},
  volume={2},
  pages={130--134},
  year={2007},
  publisher={Федеральное государственное бюджетное учреждение науки Институт проблем~…}
}

@article{leonov2015,
  title={ДВИГАТЕЛЬНО-ДВИЖИТЕЛЬНАЯ УСТАНОВКА ПОДВОДНОГО АППАРАТА},
  author={Леонов, Дмитрий Васильевич and Зорин, Михаил Анатольевич and Кринский, Александр Юрьевич},
  year={2015}
}